<?xml version="1.0" encoding="UTF-8"?><collection xmlns="http://www.loc.gov/MARC21/slim"><record><leader>00458nam--2200157-i-4500</leader><controlfield tag="001">000000037</controlfield><controlfield tag="002">20161230</controlfield><controlfield tag="005">20170101231931</controlfield><controlfield tag="008">060222s1000------------r-----000-0-eng-d</controlfield><datafield ind1=" " ind2=" " tag="080"><subfield code="a">696.6</subfield></datafield><datafield ind1=" " ind2=" " tag="100"><subfield code="a">Furtunescu, Horia</subfield></datafield><datafield ind1=" " ind2=" " tag="245"><subfield code="a">Siguranta in functionare a instalatiilor energetice (defectiuni,deranjamente,incidente si avarii)</subfield></datafield><datafield ind1=" " ind2=" " tag="260"><subfield code="a">Bucuresti, Editutra Tehnica. 368 P</subfield></datafield><datafield ind1=" " ind2=" " tag="700"><subfield code="a">Mihet, Ioan</subfield></datafield><datafield ind1=" " ind2=" " tag="852"><subfield code="a">73674</subfield></datafield><datafield ind1=" " ind2=" " tag="CAT"><subfield code="a">SYS</subfield><subfield code="c">20170101</subfield><subfield code="h">231931</subfield></datafield></record></collection>